@book {Atkinson,
    AUTHOR = {Weimin Han and Kendall E. Atkinson},
     TITLE = {Theoretical Numerical Analysis. A Functional Analysis Framework.
              3rd Edition},
    SERIES = {Texts in Applied Mathematics},
 PUBLISHER = {Springer New York, NY},
      YEAR = {2009},
     PAGES = {iv+625},
}

@book {WazWaz,
	AUTHOR = {Abdul-Majid Wazwaz},
	TITLE = {Linear and Nonlinear Integral Equations. Methods and Applications.},
	PUBLISHER = {Springer Berlin, Heidelberg},
	YEAR = {2011},
	PAGES = {iv+639},
}

@book {Nagle,
	AUTHOR = {R. Kent Nagle and Edward B. Saff and Arthur David Snider},
	TITLE = {Ecuaciones diferenciales y problemas con valores en la frontera.
	Cuarta edición},
	PUBLISHER = {Pearson Educación},
	YEAR = {2005},
	PAGES = {iv+816},
}

@book {Campos,
	AUTHOR = {Beatriz Campos Sancho and Cristina Chiralt Monleón},
	TITLE = {Ecuaciones diferenciales},
	PUBLISHER = {Universitat Jaume I},
	YEAR = {2011},
	PAGES = {iv+177},
}

@book {Adomian1,
	AUTHOR = {G. Adomian and R. Rach},
	TITLE = {Noise terms in decomposition series solution},
	SERIES = {Comput. Math. Appl.},
	YEAR = {1992},
	PAGES = {61-64},
}

@book {Adomian12,
	AUTHOR = {G. Adomian},
	TITLE = {Solving Frontier Problems of Physics: The decomposition method},
	PUBLISHER = {Kluwer},
	YEAR = {1994},
}

@book {WazWaz1,
	AUTHOR = {Abdul-Majid Wazwaz},
	TITLE = {Partial Differential Equations and Solitary Waves Theory},
	PUBLISHER = {HEP and Springer},
	YEAR = {2009},
}

@book {WazWaz2,
	AUTHOR = {Abdul-Majid Wazwaz},
	TITLE = {A reliable modification of the Adomian decomposition method},
	SERIES = {Comput. Math. Appl.},
	YEAR = {1999},
	PAGES = {77-86},
}
@book {WazWaznoise,
	AUTHOR = {Abdul-Majid Wazwaz},
	TITLE = {Necessary conditions for the appearance of noise terms in decomposition
	solution series},
	SERIES = {Comput. Math. Appl.},
	YEAR = {1997},
	PAGES = {265-274},
}
@book {VIM1,
	AUTHOR = {J.H. He},
	TITLE = {Some asymptotic methods for strongly nonlinear equations},
	PUBLISHER = {International Journal of Modern Physics B},
	YEAR = {2006},
	PAGES = {1141-1199},
}
@book {VIM2,
	AUTHOR = {J.H. He},
	TITLE = {Variational iteration method for autonomous ordinary differential systems},
	SERIES = {Comput. Math. Appl.},
	YEAR = {2000},
	PAGES = {115-123},
}

@book {sistemas1,
	AUTHOR = {A. Jerri},
	TITLE = {Introduction to Integral Equations with Applications},
	PUBLISHER = {Wiley, New York},
	YEAR = {1999},
}

@book {sistemas2,
	AUTHOR = {P. Linz},
	TITLE = {Analytical and Numerical Methods for Volterra Equations},
	PUBLISHER = {SIAM, Philadelphia},
	YEAR = {1985},
}

@misc{ejemploanalitica,
	title={Función suave pero no analítica},
	author={Fernando Revilla},
	howpublished={\url{https://fernandorevilla.es/2015/12/28/funcion-suave-pero-no-analitica/}},
	month={diciembre},
	year={2015},
	note={Recurso online.}
}
@book {brezis,
	AUTHOR = {Brezis},
	TITLE = {Haim Functional analysis, Sobolev spaces and partial differential equations},
	PUBLISHER = {Universitext. Springer, New York},
	YEAR = {2011},
}

@book {tfm,
	AUTHOR = {Andrea Daniela Rincón Sandoval},
	TITLE = {Análisis numérico de la temperatura interior de un edificio con varias estancias},
	PUBLISHER = {Trabajo Fin de Master en Rehabilitación Arquitectónica. Universidad de Granada},
	YEAR = {2023},
}

@book {cuadratura,
	AUTHOR = {Prem K. Kythe and Pratap Puri},
	TITLE = {Computational Methods for Linear Integral Equations},
	PUBLISHER = {Springer Science+, Business Media, LLC},
	YEAR = {2002},
}

@book {soa,
	AUTHOR = {Niknejad N. and Ismail W. and Ghani I. and Nazari B. and Bahari M.},
	TITLE = {Understanding Service-Oriented Architecture (SOA): A
	systematic literature review and directions for further
	investigation.},
	SERIES = {Information Systems, 91, 101491.},
	YEAR = {2020},
}

@book{stephens2015beginning,
	title={Beginning Software Engineering},
	author={Stephens, R.},
	isbn={9781118969168},
	url={https://books.google.es/books?id=SyHWBgAAQBAJ},
	year={2015},
	publisher={Wiley}
}

@misc{microservicios,
	title={Arquitectura de microservicios: qué es, ventajas y desventajas},
	howpublished={\url{https://decidesoluciones.es/arquitectura-de-microservicios/}},
	month={septiembre},
	year={2019},
	note={Recurso online.}
}

@book{restful,
	title={RESTful Web Servics Cookbook},
	author={Subbu Allamaraju},
	url={https://web-algarve.com/books/web%20services%20&%20REST/RESTful%20Web%20Services%20Cookbook.pdf},
	year={2010},
	publisher={O’Reilly Media, Inc.}
}
